<record><leader>00000cas a22000007a 4500</leader><controlfield tag="001">20140772</controlfield><controlfield tag="008">890808d19241925pr wr ne      0    0spa d</controlfield><datafield ind1=" " ind2=" " tag="010"><subfield code="a">sn 89078106 </subfield></datafield><datafield ind1=" " ind2=" " tag="040"><subfield code="a">PNN</subfield><subfield code="b">eng</subfield><subfield code="c">PNN</subfield><subfield code="d">OCLCQ</subfield></datafield><datafield ind1="0" ind2=" " tag="041"><subfield code="a">spa</subfield><subfield code="a">eng</subfield></datafield><datafield ind1=" " ind2=" " tag="042"><subfield code="a">msc</subfield></datafield><datafield ind1="0" ind2=" " tag="130"><subfield code="a">Ariel (Aguadilla, P.R. : 1924)</subfield></datafield><datafield ind1="1" ind2="0" tag="245"><subfield code="a">Ariel.</subfield></datafield><datafield ind1=" " ind2=" " tag="260"><subfield code="a">Aguadilla, P.R. :</subfield><subfield code="b">Tipografi&#769;a Ruiz</subfield></datafield><datafield ind1=" " ind2=" " tag="300"><subfield code="a">volumes</subfield></datafield><datafield ind1=" " ind2=" " tag="310"><subfield code="a">Weekly</subfield></datafield><datafield ind1=" " ind2=" " tag="336"><subfield code="a">text</subfield><subfield code="b">txt</subfield><subfield code="2">rdacontent</subfield></datafield><datafield ind1=" " ind2=" " tag="337"><subfield code="a">unmediated</subfield><subfield code="b">n</subfield><subfield code="2">rdamedia</subfield></datafield><datafield ind1=" " ind2=" " tag="338"><subfield code="a">volume</subfield><subfield code="b">nc</subfield><subfield code="2">rdacarrier</subfield></datafield><datafield ind1="1" ind2=" " tag="362"><subfield code="a">Began with Oct. 12, 1924 issue; ceased in June 1925.</subfield></datafield><datafield ind1=" " ind2=" " tag="500"><subfield code="a">"Semanario, o&#769;rgano del Club Ariel de la Escuela Superior de Aguadilla."</subfield></datafield><datafield ind1=" " ind2=" " tag="546"><subfield code="a">In Spanish with some articles in English.</subfield></datafield><datafield ind1=" " ind2=" " tag="588"><subfield code="a">Description based on: An&#771;o 1, no. 3 (26 de oct. de 1924).</subfield></datafield><datafield ind1=" " ind2=" " tag="752"><subfield code="a">United States</subfield><subfield code="b">Puerto Rico</subfield><subfield code="d">Aguadilla.</subfield></datafield></record>